@misc{latex,
	author       = {{LaTeX3 Project Team}},
	title        = {The LaTeX Project},
	year         = {2024},
	howpublished = {\url{https://www.latex-project.org}},
	note         = {Accessed: 2024-04-21}
}

@book{awk,
	author    = {Alfred V. Aho and Brian W. Kernighan and Peter J. Weinberger},
	title     = {The AWK Programming Language},
	publisher = {Addison-Wesley},
	year      = {1988}
}
